@book{myers2011art,
	title={The art of software testing},
	author={Myers, Glenford J and Sandler, Corey and Badgett, Tom},
	year={2011},
	publisher={John Wiley \& Sons}
}
@book{automation2009,
        title={Springer Handbook of Automation},
	author={Shimon Y. Nof},
	year={2009},
	publisher={Springer}
}
@book{CCEncyclopedia,
        title={Encyclopedia of Computer Science and Technology},
	author={Harry Henderson},
	year={2002},
	publisher={Facts on File}
}
@book{visualProgram,
        title={Visual Programming},
	author={Nan C. Shu},
	year={1988},
	publisher={Van Nostrand Reinhold}
}
@book{empiricalStudies,
        title={Empirical Studies of Programmers: Sixth Workshop},
	author={Wayne D. Gray and Deborah Ann Boehm-Davis},
	year={1996},
	publisher={Ablex Pub}
}
@article{automationlevels,
	title={A Model for Types and Levels of Human Interaction with Automation},
	author={Raja Parasuraman and Thomas B. Sheridan and Christopher D. Wickens},
	journal={IEEE Systems, Man, and Cybernetics Society},
	volume={1},
	number={1},
	pages={286--297},
	year={2000}
}
@article{visualProgAuth,
	title={Improving Visual Programming Languages for Multimedia Authoring},
	author={John Koegel and Jesse M. Heines},
	journal={World Conference on Educational Multimedia and Hypermedia},
	pages={8},
	year={1993}
}
@inbook{auto2008precision,
	title={Impacts of Automation on Precision},
	author={M. Alkan Donmez and Johannes A. Soons},
	journal={ResearchGate},
	pages={117--126},
	year={2008}
}
@article{automionSoftEvolutionEffect,
	title={How software process automation affects software evolution: a longitudinal empirical analysis},
	author={Evelyn J. Barry and Chris F. Kemerer and Sandra A. Slaughter},
	journal={JOURNAL OF SOFTWARE MAINTENANCE AND EVOLUTION: RESEARCH AND PRAC},
	pages={31},
	year={2007}
}
@article{blocklyJavaScript,
	title={A Decentralized Approach for Programming Interactive Applications with JavaScript and Blockly},
	author={Assaf Marron and Gera Weiss and Guy Wiener},
	journal={AGERE!},
	pages={13},
	year={2012}
}
@techreport{blocklyEducation,
        title={Análise da ferramenta de programação visual ​blockly ​como recurso educacional no ensino de programação},
        author={Garibaldi da Silveira Júnior and Fábio Diniz Rossi and Patric Lincoln Ramires Izolan and Jader Renan da Silva Almeida},
        journal={Instituto Federal de Educação, Ciência e Tecnologia Farroupilha},
	pages={8},
	year={2015} 
}
@article{itEnabledBusiness,
	title={IT-Enabled Business Transformation: From Automation to Business Scope Redefinition},
	author={N. Venkatraman},
	journal={ABI/INFORM Global},
	pages={73},
	year={1994}
}
@article{simanihotArt,
	title={Simanihot: um modelo de simulação do crescimento, desenvolvimento e produtividade de mandioca},
	author={Nereu Augusto Streck and Luana Fernandes Tironi and Rômulo Pulcinelli Benedetti and Andrea Schwertner Charão and Débora Regina Roberti and Simone Erotildes Teliginski Ferraz and Paulo Ivonir Gubiani and Lilian Osmari Uhlmann and Charles Patrick de Oliveira de Freitas and Wolnei Castro de Oliveira Junior and Gabriel Lago Antonello and Amanda Thirza Lima Santos and Zeferino Genésio Chielle},
	journal={13º Reunião Técnica Estadual da mandioca e 5º Reunião Técnica Estadual da batata-doce,Cerro Largo -RS: Emater-RS},
	volume={1},
	number={1},
	pages={55},
	year={2015}
}
@misc{blockly,
	title={blockly},
	howpublished={\url{https://developers.google.com/blockly/}},
	note={Accessed:},
	year={2015}
}
@misc{blocklyGames,
	title={blockly-games},
	howpublished={\url{https://blockly-games.appspot.com/}},
	note={Accessed:},
	year={2015}
}
@misc{blocklymobile,
	title={appinventor},
	howpublished={\url{http://appinventor.mit.edu/}},
	note={Accessed:},
	year={2015}
}

@misc{testautomationdesign,
	title={An Introduction to Test Automation Design},
	howpublished={\url{http://lisacrispin.com/downloads/RFArticle.pdf}},
	note={Accessed:},
	year={2010}
}
@misc{autoit,
	title={AutoIt},
	howpublished={\url{https://www.autoitscript.com/site/autoit/}},
	note={Accessed:},
	year={2015}
}
@misc{SoySim,
	title={SoySim},
	howpublished={\url{http://soysim.unl.edu/}},
	note={Accessed:},
	year={2015}
}
@misc{Simanihot,
	title={Simanihot},
	howpublished={\url{http://w3.ufsm.br/simanihot/}},
	note={Accessed:},
	year={2015}
}
@misc{dssat,
	title={Decision Support System for Agrotechnology Transfer (DSSAT)},
	howpublished={\url{http://dssat.net/}},
	note={Accessed:},
	year={2015}
}
@misc{make,
	title={GNU Make},
	howpublished={\url{https://www.gnu.org/software/make/}},
	note={Accessed:},
	year={2015}
}
@misc{shell,
	title={UNIX Shell},
	howpublished={\url{http://www.cs.columbia.edu/~sauce/tutorial/shell.html}},
	note={Accessed:},
	year={2015}
}
@misc{robotFW,
	title={Robot Framework},
	howpublished={\url{http://robotframework.org/}},
	note={Accessed:},
	year={2015}
}

@misc{automator,
	title={Automator},
	howpublished={\url{https://developer.apple.com/library/mac/documentation/AppleApplications/Conceptual/AutomatorConcepts/Automator.html}},
	note={Accessed:},
	year={2015}
}

